% JabRef Referenzen %
% Bib-Datei f√ºr Informationsquellen %

